@misc{Finkbeiner,
	author = {Lukas Finkbeiner},
	title = {Cosmology from the Large-Scale Structure of the Universe},
	year = 2022
}

@misc{COBE,
  author = {NASA},
  title = {COBE},
  year = 2015,
  url = {https://science.nasa.gov/missions/cobe},
  urldate = {2016-05-22},
}

@misc{WMAP,
  author = {NASA},
  title = {WMAP Mission Overview},
  year = 2016,
  url = {https://wmap.gsfc.nasa.gov/mission/},
  urldate = {2016-05-12},
}

@misc{Planck,
  author = {ESA},
  title = {Planck},
  url = {https://www.esa.int/Enabling_Support/Operations/Planck/},
}

@misc{Basu,
  author = {Kaustuv Basu},
  title = {The Cosmic Microwave Background
  	Part II: CMB Theory},
  year = {2019},  
  url = {https://astro.uni-bonn.de/~kbasu/ObsCosmo/Slides2018/cmb_theory_partII.pdf},
}

@book{Barber,
    author =       {David Barber},
    title =        {Bayesian Reasoning and Machine Learning},
    publisher =      {Cambridge University Press},
    year =         {2012},
}

@book{FECS,
    author =       {Ariel G. S\'{a}nchez},
    title =        {The formation and evolution of cosmic structures},
    publisher =      {Ludwig Maximilian Universit\"{a}t},
    year =         {2022},
}

@book{CO,
    author =       {Bradley W. Carroll and Dale A. Ostlie},
    title =        {An Introduction to Modern Astrophysics},
    publisher =      {Pearson Addison Wesley},
    year =         {2007},
    note =       {Second edition},
}

@book{Dodelson,
    author =       {Scott Dodelson and Fabian Schmidt},
    title =        {Modern Cosmology},
    publisher =      {Academic Press},
    year =         {2020},
    note =       {Second edition},
    DOI = 			{https://doi.org/10.1016/B978-0-12-815948-4.00014-0}
}

% Note to self: the main use of this citation was for figure 19 on page 27
@article{Aghanim,
    author =       "N. Aghanim and Y. Akrami and F. Arroja and M. Ashdown and 
    J. Aumont and C. Baccigalupi and M. Ballardini and A. J. Banday and R. B. 
    Barreiro and N. Bartolo and S. Basak and R. Battye and K. Benabed and J.-
    P. Bernard and M. Bersanelli and P. Bielewicz and J. J. Bock and J. R. 
    Bond and J. Borrill and F. R. Bouchet and F. Boulanger and M. Bucher and 
    C. Burigana and R. C. Butler and E. Calabrese and J.-F. Cardoso and J. 
    Carron and B. Casaponsa and A. Challinor and H. C. Chiang and L. P. L. 
    Colombo and C. Combet and D. Contreras and B. P. Crill and F. Cuttaia and 
    P. de Bernardis and G. de Zotti and J. Delabrouille and J.-M. Delouis and 
    F.-X. D{\'{e}}sert and E. Di Valentino and C. Dickinson and J. M. Diego 
    and S. Donzelli and O. Dor{\'{e}} and M. Douspis and A. Ducout and X. 
    Dupac and G. Efstathiou and F. Elsner and T. A. En{\ss}lin and H. K. 
    Eriksen and E. Falgarone and Y. Fantaye and J. Fergusson and R. Fernandez-
    Cobos and F. Finelli and F. Forastieri and M. Frailis and E. Franceschi 
    and A. Frolov and S. Galeotta and S. Galli and K. Ganga and R. T.
    G{\'{e}}nova-Santos and M. Gerbino and T. Ghosh and J.
    Gonz{\'{a}}lez-Nuevo and K. M. G{\'{o}}rski and S. Gratton and A. Gruppuso 
    and J. E. Gudmundsson and J. Hamann and W. Handley and F. K. Hansen and G. 
    Helou and D. Herranz and S. R. Hildebrandt and E. Hivon and Z. Huang and 
    A. H. Jaffe and W. C. Jones and A. Karakci and E. Keihänen and R. 
    Keskitalo and K. Kiiveri and J. Kim and T. S. Kisner and L. Knox and N. 
    Krachmalnicoff and M. Kunz and H. Kurki-Suonio and G. Lagache and J.-M. 
    Lamarre and M. Langer and A. Lasenby and M. Lattanzi and C. R. Lawrence 
    and M. Le Jeune and J. P. Leahy and J. Lesgourgues and F. Levrier and A. 
    Lewis and M. Liguori and P. B. Lilje and M. Lilley and V. Lindholm and M. 
    L{\'{o}}pez-Caniego and P. M. Lubin and Y.-Z. Ma and J. F. Mac{\'{\i}}as-
    P{\'{e}}rez and G. Maggio and D. Maino and N. Mandolesi and A. Mangilli \
    and A. Marcos-Caballero and M. Maris and P. G. Martin and M. Martinelli 
    and E. Mart{\'{\i}}nez-Gonz{\'{a}}lez and S. Matarrese and N. Mauri and J. 
    D. McEwen and P. D. Meerburg and P. R. Meinhold and A. Melchiorri and A. 
    Mennella and M. Migliaccio and M. Millea and S. Mitra and M.-A. Miville-
    Desch{\^{e}}nes and D. Molinari and A. Moneti and L. Montier and G. 
    Morgante and A. Moss and S. Mottet and M. Münchmeyer and P. Natoli and H. 
    U. N{\o}rgaard-Nielsen and C. A. Oxborrow and L. Pagano and D. Paoletti 
    and B. Partridge and G. Patanchon and T. J. Pearson and M. Peel and H. V. 
    Peiris and F. Perrotta and V. Pettorino and F. Piacentini and L. Polastri 
    and G. Polenta and J.-L. Puget and J. P. Rachen and M. Reinecke and M. 
    Remazeilles and C. Renault and A. Renzi and G. Rocha and C. Rosset and G. 
    Roudier and J. A. Rubi{\~{n}}o-Mart{\'{\i}}n and B. Ruiz-Granados and L. 
    Salvati and M. Sandri and M. Savelainen and D. Scott and E. P. S. Shellard 
    and M. Shiraishi and C. Sirignano and G. Sirri and L. D. Spencer and R. 
    Sunyaev and A.-S. Suur-Uski and J. A. Tauber and D. Tavagnacco and M. 
    Tenti and L. Terenzi and L. Toffolatti and M. Tomasi and T. Trombetti and 
    J. Valiviita and B. Van Tent and L. Vibert and P. Vielva and F. Villa and 
    N. Vittorio and B. D. Wandelt and I. K. Wehus and M. White and S. D. M. 
    White and A. Zacchei and A. Zonca",
    title =        "Planck 2018 results. I. Overview and the cosmological 
    					legacy of Planck",
    journal =      "Astronomy \& Astrophysics",
    volume =       "641",
    year =         "2020",
    DOI =          "10.1051/0004-6361/201833880",
}

@article{Kiakotou,
    author =       "Angeliki Kiakotou",
    title =        "Neutrino Mass, Dark Energy, and the Linear Growth Factor",
    journal =      "Physical Review D",
    volume =       "77",
    number =       "6",
    year =         "2008",
    DOI =          "https://doi.org/10.48550/arXiv.0709.0253",
}

@misc{Cooke,
    author =       "Ryan Cooke and Michele Fumagalli",
    title =        "Measurement of the primordial helium abundance from the intergalactic medium",
    year =         "2018",
}

@article{Scherrer,
    author =       "Robert J. Scherrer",
    title =        "Mapping the Chevallier-Polarski-Linder parametrization 
    					onto Physical Dark Energy Models",
    journal =      "Physical Review D",
    volume =       "92",
    number =       "4",
    year =         "2015",
    DOI =          "https://doi.org/10.1103/PhysRevD.92.043001",
}

@article{Seljak,
    author =       "Uro\v{s} Seljak and Naoshi Sugiyama and Martin White and
    				Matias Zaldarriaga",
    title =        "A comparison of cosmological Boltzmann codes: are we ready
    				for high precision cosmology?",
    journal =      "Physical Review D",
    volume =       "68",
    number =       "8",
    year =         "2003",
    DOI =          "https://doi.org/10.48550/arXiv.astro-ph/0306052",
}

@misc{Lesgourges,
    author =       "Julien Lesgourgues",
    title =        "The Cosmic Linear Anisotropy Solving System (CLASS) III:
    				Comparision with CAMB for $\Lambda$CDM",
    year =         "2011",
    DOI =          "https://doi.org/10.48550/arXiv.1104.2934",
}

@article{Caravano,
    author =       "Angelo Caravano and Eiichiro Komatsu and Kaloian D.
    				Lozanov and Jochen Weller",
    title =        "Lattice simulations of inflation",
    journal =      "Journal of Cosmology and Astroparticle Physics",
    volume =       "2021",
    number =       "12",
    year =         "2021",
    DOI =          "10.1088/1475-7516/2021/12/010",
}

@article{San20,
    author =       "Ariel G. S\'{a}nchez",
    title =        "Arguments against using $h^{-1}$ Mpc units in 		
   					observational cosmology",
    journal =      "Physical Review D",
    volume =       "102",
    number =       "12",
    year =         "2020",
    DOI =          "https://doi.org/10.48550/arXiv.2002.07829",
}

@article{San21,
    author =       "Ariel G. S\'{a}nchez and Andr\'{e}s N. Ruiz and Jenny 
    				Gonzalez Jara and Nelson D. Padilla",
    title =        "Evolution mapping: a new approach to describe matter
                    clustering in the non-linear regime",
    journal =      "Monthly Notices of the Royal Astronomical Society",
    pages =        "5674-5685",
    volume =       "514",
    number =       "4",
    year =         "2021",
    DOI =          "https://doi.org/10.48550/arXiv.0709.0253",
}

@article{Arico,
    author =       "Giovanni Aric\`{o} and Raul E. Angulo
                    and Matteo Zennaro",
    title =        "Accelerating Large-Scale-Structure data analyses by
                      emulating Boltzmann solvers and Lagrangian Perturbation
                      Theory",
    journal =      "Open Research Europe",
    volume =		"1",
    year =         "2022",
    DOI =          "https://doi.org/10.12688/openreseurope.14310.2",
}

@misc{Ntelis,
    author =       "Pierro Ntelis",
    title =        "The Homogeneity Scale of the
    				Universe",
    year =         "2016",
    DOI =          "https://doi.org/10.48550/arXiv.1607.03418",
}

@article{Mancini,
    author =       "Alessio Spurio Mancini and Davide Piras and Justin Alsing
                    and Benjamin Joachimi and Michael P. Hobson",
    title =         "COSMOPOWER: emulating cosmological power spectra for
                    accelerated Bayesian inference from next-generation
                    surveys",
    journal =       "Monthly Notices of the Royal Astronomical Society",
    pages =         "1771-1788",
    volume =        "511",
    number =        "2",
    year =          "2022",
    DOI =           "https://doi.org/10.1093/mnras/stac064",
}

@article{Eggemeier,
    author =       "Alexander Eggemeier and Benjamin Camacho-Quevedo
    					and Andrea Pezzotta and Martin Crocce and Rom\'{a}n 
    					Scoccimarro and Ariel G. S\'{a}nchez",
    title =         "COMET: Clustering Observables Modelled by Emulated 
    					perturbation Theory",
    journal =       "Monthly Notices of the Royal Astronomical Society",
    pages =         "2962-2980",
    volume =        "519",
    number =        "2",
    year =          "2022",
    DOI =           "https://doi.org/10.48550/arXiv.2208.01070",
}


@article{Zennaro,
    author =       "M. Zennaro and J. Bel and F. Villaescusa-Navarro and C.
                    Carbone and E. Sefusatti and L. Guzzo",
    title =         "Initial Conditions for Accurate N-Body Simulations of
                    Massive Neutrino Cosmologies",
    journal =       "Monthly Notices of the Royal Astronomical Society",
    pages =         "3244-3258",
    volume =        "466",
    number =        "3",
    year =          "2017",
    DOI =           "https://doi.org/10.1093/mnras/stw3340",
}

@article{Verde,
    author =        "L. Verde and H. V. Peiris and D. N. Spergel and M. R.
                    Nolta and C. L. Bennett and M. Halpern and G. Hinshaw4 and
                    N. Jarosik6 and A. Kogut and M. Limon and S. S. Meyer and
                    L. Page and G. S. Tucker and E. Wollack and  E. L. 
                    Wright",
    title =         "First Year Wilkinson Microwave Anisotropy Probe (WMAP)
                    Observations: Parameter Estimation Methodology",
    journal =       "The Astrophysical Journal Supplement Series",
    pages =         "195",
    volume =        "148",
    number =        "1",
    year =          "2003",
    DOI =           "https://doi.org/10.1086/377335",
}
