@article{Kiakotou,
    author =       "Angeliki Kiakotou",
    title =        "Neutrino Mass, Dark Energy, and the Linear Growth Factor",
    journal =      "Physical Review D",
    volume =       "77",
    number =       "6",
    year =         "2008",
    DOI =          "https://doi.org/10.48550/arXiv.0709.0253",
}

@article{San20,
    author =       "Ariel G. S\'{a}nchez",
    title =        "Arguments against using $h^{-1}$ Mpc units in observational
                    cosmology",
    journal =      "Physical Review D",
    volume =       "102",
    number =       "12",
    year =         "2020",
    DOI =          "https://doi.org/10.48550/arXiv.2002.07829",
}

@article{San21,
    author =       "Ariel G. S\'{a}nchez and Andr\'{e}s N. Ruiz and Jenny Gonzalez
                    Jara and Nelson D. Padilla",
    title =        "Evolution mapping: a new approach to describe matter
                    clustering in the non-linear regime",
    journal =      "Monthly Notices of the Royal Astronomical Society",
    pages =        "5674-5685",
    volume =       "514",
    number =       "4",
    year =         "2021",
    DOI =          "https://doi.org/10.48550/arXiv.0709.0253",
}

@article{Arico,
    author =       "Giovanni Aric\`{o} and Raul E. Angulo
                    and Matteo Zennaro",
    title =        "Accelerating Large-Scale-Structure data analyses by
                      emulating Boltzmann solvers and Lagrangian Perturbation
                      Theory",
    journal =      "Open Research Europe",
    year =         "2022",
    DOI =          "https://doi.org/11.12688/openreseurope.14310.2",
}

@article{Mancini,
    author =       "Alessio Spurio Mancini and Davide Piras and Justin Alsing
                    and Benjamin Joachimi and Michael P. Hobson",
    title =         "COSMOPOWER: emulating cosmological power spectra for
                    accelerated Bayesian inference from next-generation
                    surveys",
    journal =       "Monthly Notices of the Royal Astronomical Society",
    pages =         "1771-1788",
    volume =        "511",
    number =        "2",
    year =          "2022",
    DOI =           "https://doi.org/10.1093/mnras/stac064",
}
